@article{Zinkevich,
  title={Regret Minimization in Games with Incomplete Information},
  author={Martin A. Zinkevich and Michael Bradley Johanson and Michael Bowling and Carmelo Piccione},
  booktitle={Neural Information Processing Systems},
  year={2007},
  url={https://api.semanticscholar.org/CorpusID:7739250}
}
